@book{thrun2005probabilistic,
  title={Probabilistic Robotics},
  author={Thrun, Sebastian and Burgard, Wolfram and Fox, Dieter},
  year={2005},
  publisher={MIT Press}
}

@article{Vaganay1993MobileRA,
  title={Mobile robot attitude estimation by fusion of inertial data},
  author={J. Vaganay and M. Aldon and A. Fournier},
  journal={[1993] Proceedings IEEE International Conference on Robotics and Automation},
  year={1993},
  pages={277-282 vol.1}
}

@INPROCEEDINGS{SLAM_fail,
  author={Wolf, D. and Sukhatme, G.S.},
  booktitle={IEEE International Conference on Robotics and Automation, 2004. Proceedings. ICRA '04. 2004}, 
  title={Online simultaneous localization and mapping in dynamic environments}, 
  year={2004},
  volume={2},
  number={},
  pages={1301-1307 Vol.2},
  doi={10.1109/ROBOT.2004.1308004}}

@inproceedings{マンハッタンワールド仮説,
  title={The Manhattan World Assumption: Regularities in Scene Statistics which Enable Bayesian Inference},
  author={James M. Coughlan and Alan Loddon Yuille},
  booktitle={NIPS},
  year={2000}
}

@INPROCEEDINGS{ozaki_lidar_normal,
  author={Ozaki, Ryota and Kuroda, Yoji},
  booktitle={2020 IEEE/SICE International Symposium on System Integration (SII)}, 
  title={6-DoF EKF SLAM with global planar features in artificial environments}, 
  year={2020},
  volume={},
  number={},
  pages={531-535},
  doi={10.1109/SII46433.2020.9026222}}

  @INPROCEEDINGS{Ozaki_SII2021,
  author={Ozaki, Ryota and Kuroda, Yoji},
  booktitle={2021 IEEE/SICE International Symposium on System Integration (SII)}, 
  title={DNN-based self-attitude estimation by learning landscape information}, 
  year={2021},
  volume={},
  number={},
  pages={733-738},
  doi={10.1109/IEEECONF49454.2021.9382642}}

@INPROCEEDINGS{gravity_vector_estimation,
  author={Ellingson, Gary and Wingate, David and McLain, Tim},
  booktitle={2017 IEEE/RSJ International Conference on Intelligent Robots and Systems (IROS)}, 
  title={Deep visual gravity vector detection for unmanned aircraft attitude estimation}, 
  year={2017},
  volume={},
  number={},
  pages={5557-5563},
  doi={10.1109/IROS.2017.8206443}}

@inproceedings{EKF_paper,
  title={New extension of the Kalman filter to nonlinear systems},
  author={Simon J. Julier and Jeffrey K. Uhlmann},
  booktitle={Defense, Security, and Sensing},
  year={1997}
}

  @article{Ozaki_springer_Camera_and_IMU_EKF,
author = {Ozaki, Ryota and Kuroda, Yoji},
year = {2021},
month = {03},
pages = {},
title = {EKF-based self-attitude estimation with DNN learning landscape information},
volume = {8},
journal = {ROBOMECH Journal},
doi = {10.1186/s40648-021-00196-3}
}

@ARTICLE{Ozaki_IEEE_Camera_and_IMU_EKF,  author={Ozaki, Ryota and Kuroda, Yoji},  journal={IEEE Robotics and Automation Letters},   title={EKF-Based Real-Time Self-Attitude Estimation With Camera DNN Learning Landscape Regularities},   year={2021},  volume={6},  number={2},  pages={1737-1744},  doi={10.1109/LRA.2021.3060442}}


  @article{Ozaki_springer_Camera_and_LiDAR_DNN,
author = {Ozaki, Ryota and Kuroda, Yoji},
year = {2021},
month = {12},
pages = {},
title = {LiDAR DNN based self-attitude estimation with learning landscape regularities},
volume = {26},
journal = {ROBOMECH Journal},
doi = {10.1186/s40648-021-00196-3}
}

@INPROCEEDINGS{Kawai_SII2022,
  author={Kawai, Hibiki and Yoshiuchi, Wataru and Hirakawa, Yasunori and Shibuya, Takumi and Matsuda, Takumi and Kuroda, Yoji},
  booktitle={2022 IEEE/SICE International Symposium on System Integration (SII)}, 
  title={Camera Attitude Estimation by Neural Network Using Classification Network Method Instead of Numerical Regression}, 
  year={2022},
  volume={},
  number={},
  pages={401-407},
  doi={10.1109/SII52469.2022.9708864}}

@INPROCEEDINGS{Kawai_SII2023,
  author={Kawai, Hibiki and Kuroda, Yoji},
  booktitle={2023 IEEE/SICE International Symposium on System Integration (SII)}, 
  title={DNN Based Camera Attitude Estimation Using Aggregated Information from Camera and Depth Images}, 
  year={2023},
  volume={},
  number={},
  pages={1-6},
  doi={10.1109/SII55687.2023.10039292}}


@inproceedings{Uncertain_in_DL,
  title={Uncertainty in Deep Learning},
  author={Yarin Gal},
  year={2016}
}

@article{attitude_estimation_survey1,
  title={Survey of nonlinear attitude estimation methods},
  author={Crassidis, John L and Markley, F Landis and Cheng, Yang},
  journal={Journal of guidance, control, and dynamics},
  volume={30},
  number={1},
  pages={12--28},
  year={2007}
}

@article{attitude_estimation_survey2,
  title={A survey of attitude representations},
  author={Shuster, Malcolm D and others},
  journal={Navigation},
  volume={8},
  number={9},
  pages={439--517},
  year={1993}
}

@inproceedings{drone_attitude_estimation1,
  title={Robust UAV attitude estimation using a cascade of nonlinear observer and linearized Kalman filter},
  author={Gudmundsson, Valthor and Kristinsson, Haukur and Petersen, Soren and Hasan, Agus},
  booktitle={Dynamic Systems and Control Conference},
  volume={51913},
  pages={V003T36A004},
  year={2018},
  organization={American Society of Mechanical Engineers}
}

@article{drone_attitude_estimation2,
  title={Multi-rotor drone tutorial: systems, mechanics, control and state estimation},
  author={Yang, Hyunsoo and Lee, Yongseok and Jeon, Sang-Yun and Lee, Dongjun},
  journal={Intelligent Service Robotics},
  volume={10},
  number={2},
  pages={79--93},
  year={2017},
  publisher={Springer}
}

@article{drone_attitude_estimation3,
  title={Attitude stabilization of a VTOL quadrotor aircraft},
  author={Tayebi, Abdelhamid and McGilvray, Stephen},
  journal={IEEE Transactions on control systems technology},
  volume={14},
  number={3},
  pages={562--571},
  year={2006},
  publisher={IEEE}
}

@article{airplane_attitude_estimation1,
  title={Kalman filtering for spacecraft attitude estimation},
  author={Lefferts, Ern J and Markley, F Landis and Shuster, Malcolm D},
  journal={Journal of Guidance, Control, and Dynamics},
  volume={5},
  number={5},
  pages={417--429},
  year={1982}
}

@article{airplane_attitude_estimation2,
  title={Unscented filtering for spacecraft attitude estimation},
  author={Crassidis, John L and Markley, F Landis},
  journal={Journal of guidance, control, and dynamics},
  volume={26},
  number={4},
  pages={536--542},
  year={2003}
}

@book{airplane_attitude_estimation3,
  title={Fundamentals of spacecraft attitude determination and control},
  author={Markley, F Landis and Crassidis, John L},
  volume={1286},
  year={2014},
  publisher={Springer}
}

@INPROCEEDINGS{SLAM_attitude_estimation,  author={Kohlbrecher, Stefan and von Stryk, Oskar and Meyer, Johannes and Klingauf, Uwe},  booktitle={2011 IEEE International Symposium on Safety, Security, and Rescue Robotics},   title={A flexible and scalable SLAM system with full 3D motion estimation},   year={2011},  volume={},  number={},  pages={155-160},  doi={10.1109/SSRR.2011.6106777}}

@article{ORB_SLAM,
  title={ORB-SLAM: a versatile and accurate monocular SLAM system},
  author={Mur-Artal, Raul and Montiel, Jose Maria Martinez and Tardos, Juan D},
  journal={IEEE transactions on robotics},
  volume={31},
  number={5},
  pages={1147--1163},
  year={2015},
  publisher={IEEE}
}

@inproceedings{LIO-SAM,
  title={Lio-sam: Tightly-coupled lidar inertial odometry via smoothing and mapping},
  author={Shan, Tixiao and Englot, Brendan and Meyers, Drew and Wang, Wei and Ratti, Carlo and Rus, Daniela},
  booktitle={2020 IEEE/RSJ international conference on intelligent robots and systems (IROS)},
  pages={5135--5142},
  year={2020},
  organization={IEEE}
}

@inproceedings{Cartgrapher,
  title={Real-time loop closure in 2D LIDAR SLAM},
  author={Hess, Wolfgang and Kohler, Damon and Rapp, Holger and Andor, Daniel},
  booktitle={2016 IEEE international conference on robotics and automation (ICRA)},
  pages={1271--1278},
  year={2016},
  organization={IEEE}
}

@inproceedings{Particle_Filter,
  title={Particle Filters in Robotics.},
  author={Thrun, Sebastian},
  booktitle={UAI},
  volume={2},
  pages={511--518},
  year={2002},
  organization={Citeseer}
}

@inproceedings{EKF_Localization,
  title={Design of an extended kalman filter for uav localization},
  author={Mao, Guoqiang and Drake, Sam and Anderson, Brian DO},
  booktitle={2007 Information, Decision and Control},
  pages={224--229},
  year={2007},
  organization={IEEE}
}

@inproceedings{NDT_Localization,
author = {Akai, Naoki and Morales, Y. and Takeuchi, Eijiro and Yoshihara, Yuki and Ninomiya, Yoshiki},
year = {2017},
month = {06},
pages = {1356-1363},
title = {Robust localization using 3D NDT scan matching with experimentally determined uncertainty and road marker matching},
doi = {10.1109/IVS.2017.7995900}
}

@inproceedings{PCA_Normal,
  title={Efficient simplification of point-sampled surfaces},
  author={Pauly, Mark and Gross, Markus and Kobbelt, Leif P},
  booktitle={IEEE Visualization, 2002. VIS 2002.},
  pages={163--170},
  year={2002},
  organization={IEEE}
}

@article{Gauss_Sphere,
  title={Extended gaussian images},
  author={Horn, Berthold Klaus Paul},
  journal={Proceedings of the IEEE},
  volume={72},
  number={12},
  pages={1671--1686},
  year={1984},
  publisher={IEEE}
}

@article{CNN_original_paper,
  title={Convolutional networks for images, speech, and time series},
  author={LeCun, Yann and Bengio, Yoshua and others},
  journal={The handbook of brain theory and neural networks},
  volume={3361},
  number={10},
  pages={1995},
  year={1995},
  publisher={Cambridge, MA USA}
}

@incollection{neocognitron,
  title={Neocognitron: A self-organizing neural network model for a mechanism of visual pattern recognition},
  author={Fukushima, Kunihiko and Miyake, Sei},
  booktitle={Competition and cooperation in neural nets},
  pages={267--285},
  year={1982},
  publisher={Springer}
}

@article{ILSVRC-2012,
  title={Imagenet large scale visual recognition challenge},
  author={Russakovsky, Olga and Deng, Jia and Su, Hao and Krause, Jonathan and Satheesh, Sanjeev and Ma, Sean and Huang, Zhiheng and Karpathy, Andrej and Khosla, Aditya and Bernstein, Michael and others},
  journal={International journal of computer vision},
  volume={115},
  number={3},
  pages={211--252},
  year={2015},
  publisher={Springer}
}

@article{AlexNet,
  title={Imagenet classification with deep convolutional neural networks},
  author={Krizhevsky, Alex and Sutskever, Ilya and Hinton, Geoffrey E},
  journal={Communications of the ACM},
  volume={60},
  number={6},
  pages={84--90},
  year={2017},
  publisher={AcM New York, NY, USA}
}

@inproceedings{SVM_original_paper,
author = {Evgeniou, Theodoros and Pontil, Massimiliano},
year = {2001},
month = {09},
pages = {249-257},
title = {Support Vector Machines: Theory and Applications},
volume = {2049},
isbn = {978-3-540-42490-1},
doi = {10.1007/3-540-44673-7_12}
}

@INPROCEEDINGS{ImageNet_paper,  author={Deng, Jia and Dong, Wei and Socher, Richard and Li, Li-Jia and Kai Li and Li Fei-Fei},  booktitle={2009 IEEE Conference on Computer Vision and Pattern Recognition},   title={ImageNet: A large-scale hierarchical image database},   year={2009},  volume={},  number={},  pages={248-255},  doi={10.1109/CVPR.2009.5206848}}

@inproceedings{MNIST_paper,
  title={The mnist database of handwritten digits},
  author={Yann LeCun and Corinna Cortes},
  year={2005}
}

@article{GPU_computing_paper,
  title={GPU computing},
  author={Owens, John D and Houston, Mike and Luebke, David and Green, Simon and Stone, John E and Phillips, James C},
  journal={Proceedings of the IEEE},
  volume={96},
  number={5},
  pages={879--899},
  year={2008},
  publisher={IEEE}
}

@INPROCEEDINGS{CUDA_paper,  author={Dehal, Ramandeep Singh and Munjal, Chirag and Ansari, Arquish Ali and Kushwaha, Anup Singh},  booktitle={2018 International Conference on Advances in Computing, Communication Control and Networking (ICACCCN)},   title={GPU Computing Revolution: CUDA},   year={2018},  volume={},  number={},  pages={197-201},  doi={10.1109/ICACCCN.2018.8748495}}

@misc{VGG_paper,
  doi = {10.48550/ARXIV.1409.1556},
  
  url = {https://arxiv.org/abs/1409.1556},
  
  author = {Simonyan, Karen and Zisserman, Andrew},
  
  keywords = {Computer Vision and Pattern Recognition (cs.CV), FOS: Computer and information sciences, FOS: Computer and information sciences},
  
  title = {Very Deep Convolutional Networks for Large-Scale Image Recognition},
  
  publisher = {arXiv},
  
  year = {2014},
  
  copyright = {arXiv.org perpetual, non-exclusive license}
}

@misc{GoogleNet_paper,
  doi = {10.48550/ARXIV.1409.4842},
  
  url = {https://arxiv.org/abs/1409.4842},
  
  author = {Szegedy, Christian and Liu, Wei and Jia, Yangqing and Sermanet, Pierre and Reed, Scott and Anguelov, Dragomir and Erhan, Dumitru and Vanhoucke, Vincent and Rabinovich, Andrew},
  
  keywords = {Computer Vision and Pattern Recognition (cs.CV), FOS: Computer and information sciences, FOS: Computer and information sciences},
  
  title = {Going Deeper with Convolutions},
  
  publisher = {arXiv},
  
  year = {2014},
  
  copyright = {arXiv.org perpetual, non-exclusive license}
}

@article{ILSVRC-2015,
  title={Imagenet large scale visual recognition challenge},
  author={Russakovsky, Olga and Deng, Jia and Su, Hao and Krause, Jonathan and Satheesh, Sanjeev and Ma, Sean and Huang, Zhiheng and Karpathy, Andrej and Khosla, Aditya and Bernstein, Michael and others},
  journal={International journal of computer vision},
  volume={115},
  number={3},
  pages={211--252},
  year={2015},
  publisher={Springer}
}

@misc{ResNet_paper,
  doi = {10.48550/ARXIV.1512.03385},
  
  url = {https://arxiv.org/abs/1512.03385},
  
  author = {He, Kaiming and Zhang, Xiangyu and Ren, Shaoqing and Sun, Jian},
  
  keywords = {Computer Vision and Pattern Recognition (cs.CV), FOS: Computer and information sciences, FOS: Computer and information sciences},
  
  title = {Deep Residual Learning for Image Recognition},
  
  publisher = {arXiv},
  
  year = {2015},
  
  copyright = {arXiv.org perpetual, non-exclusive license}
}

@misc{R-CNN,
  doi = {10.48550/ARXIV.1311.2524},
  
  url = {https://arxiv.org/abs/1311.2524},
  
  author = {Girshick, Ross and Donahue, Jeff and Darrell, Trevor and Malik, Jitendra},
  
  keywords = {Computer Vision and Pattern Recognition (cs.CV), FOS: Computer and information sciences, FOS: Computer and information sciences},
  
  title = {Rich feature hierarchies for accurate object detection and semantic segmentation},
  
  publisher = {arXiv},
  
  year = {2013},
  
  copyright = {arXiv.org perpetual, non-exclusive license}
}

@inproceedings{Fast-R-CNN,
  title={Fast r-cnn},
  author={Girshick, Ross},
  booktitle={Proceedings of the IEEE international conference on computer vision},
  pages={1440--1448},
  year={2015}
}

@inproceedings{YOLO,
  title={You only look once: Unified, real-time object detection},
  author={Redmon, Joseph and Divvala, Santosh and Girshick, Ross and Farhadi, Ali},
  booktitle={Proceedings of the IEEE conference on computer vision and pattern recognition},
  pages={779--788},
  year={2016}
}

@misc{SegNet_paper,
  doi = {10.48550/ARXIV.1511.00561},
  
  url = {https://arxiv.org/abs/1511.00561},
  
  author = {Badrinarayanan, Vijay and Kendall, Alex and Cipolla, Roberto},
  
  keywords = {Computer Vision and Pattern Recognition (cs.CV), Machine Learning (cs.LG), Neural and Evolutionary Computing (cs.NE), FOS: Computer and information sciences, FOS: Computer and information sciences},
  
  title = {SegNet: A Deep Convolutional Encoder-Decoder Architecture for Image Segmentation},
  
  publisher = {arXiv},
  
  year = {2015},
  
  copyright = {arXiv.org perpetual, non-exclusive license}
}

@misc{3D-ResNet_paper,
  doi = {10.48550/ARXIV.1708.07632},
  
  url = {https://arxiv.org/abs/1708.07632},
  
  author = {Hara, Kensho and Kataoka, Hirokatsu and Satoh, Yutaka},
  
  keywords = {Computer Vision and Pattern Recognition (cs.CV), FOS: Computer and information sciences, FOS: Computer and information sciences},
  
  title = {Learning Spatio-Temporal Features with 3D Residual Networks for Action Recognition},
  
  publisher = {arXiv},
  
  year = {2017},
  
  copyright = {arXiv.org perpetual, non-exclusive license}
}

@misc{Transformer_paper,
  doi = {10.48550/ARXIV.1706.03762},
  
  url = {https://arxiv.org/abs/1706.03762},
  
  author = {Vaswani, Ashish and Shazeer, Noam and Parmar, Niki and Uszkoreit, Jakob and Jones, Llion and Gomez, Aidan N. and Kaiser, Lukasz and Polosukhin, Illia},
  
  keywords = {Computation and Language (cs.CL), Machine Learning (cs.LG), FOS: Computer and information sciences, FOS: Computer and information sciences},
  
  title = {Attention Is All You Need},
  
  publisher = {arXiv},
  
  year = {2017},
  
  copyright = {arXiv.org perpetual, non-exclusive license}
}

@misc{ViT_paper,
  doi = {10.48550/ARXIV.2010.11929},
  
  url = {https://arxiv.org/abs/2010.11929},
  
  author = {Dosovitskiy, Alexey and Beyer, Lucas and Kolesnikov, Alexander and Weissenborn, Dirk and Zhai, Xiaohua and Unterthiner, Thomas and Dehghani, Mostafa and Minderer, Matthias and Heigold, Georg and Gelly, Sylvain and Uszkoreit, Jakob and Houlsby, Neil},
  
  keywords = {Computer Vision and Pattern Recognition (cs.CV), Artificial Intelligence (cs.AI), Machine Learning (cs.LG), FOS: Computer and information sciences, FOS: Computer and information sciences},
  
  title = {An Image is Worth 16x16 Words: Transformers for Image Recognition at Scale},
  
  publisher = {arXiv},
  
  year = {2020},
  
  copyright = {arXiv.org perpetual, non-exclusive license}
}

@misc{Swin_Transformer_paper,
  doi = {10.48550/ARXIV.2103.14030},
  
  url = {https://arxiv.org/abs/2103.14030},
  
  author = {Liu, Ze and Lin, Yutong and Cao, Yue and Hu, Han and Wei, Yixuan and Zhang, Zheng and Lin, Stephen and Guo, Baining},
  
  keywords = {Computer Vision and Pattern Recognition (cs.CV), Machine Learning (cs.LG), FOS: Computer and information sciences, FOS: Computer and information sciences},
  
  title = {Swin Transformer: Hierarchical Vision Transformer using Shifted Windows},
  
  publisher = {arXiv},
  
  year = {2021},
  
  copyright = {Creative Commons Attribution 4.0 International}
}

@misc{DeiT_paper,
  doi = {10.48550/ARXIV.2012.12877},
  
  url = {https://arxiv.org/abs/2012.12877},
  
  author = {Touvron, Hugo and Cord, Matthieu and Douze, Matthijs and Massa, Francisco and Sablayrolles, Alexandre and Jégou, Hervé},
  
  keywords = {Computer Vision and Pattern Recognition (cs.CV), FOS: Computer and information sciences, FOS: Computer and information sciences},
  
  title = {Training data-efficient image transformers \& distillation through attention},
  
  publisher = {arXiv},
  
  year = {2020},
  
  copyright = {arXiv.org perpetual, non-exclusive license}
}

@misc{CvT_paper,
  doi = {10.48550/ARXIV.2103.15808},
  
  url = {https://arxiv.org/abs/2103.15808},
  
  author = {Wu, Haiping and Xiao, Bin and Codella, Noel and Liu, Mengchen and Dai, Xiyang and Yuan, Lu and Zhang, Lei},
  
  keywords = {Computer Vision and Pattern Recognition (cs.CV), FOS: Computer and information sciences, FOS: Computer and information sciences},
  
  title = {CvT: Introducing Convolutions to Vision Transformers},
  
  publisher = {arXiv},
  
  year = {2021},
  
  copyright = {Creative Commons Attribution 4.0 International}
}

@misc{TimeSformer_paper,
  doi = {10.48550/ARXIV.2102.05095},
  
  url = {https://arxiv.org/abs/2102.05095},
  
  author = {Bertasius, Gedas and Wang, Heng and Torresani, Lorenzo},
  
  keywords = {Computer Vision and Pattern Recognition (cs.CV), FOS: Computer and information sciences, FOS: Computer and information sciences},
  
  title = {Is Space-Time Attention All You Need for Video Understanding?},
  
  publisher = {arXiv},
  
  year = {2021},
  
  copyright = {arXiv.org perpetual, non-exclusive license}
}



@misc{Stable_Diffusion_paper,
  doi = {10.48550/ARXIV.2112.10752},
  
  url = {https://arxiv.org/abs/2112.10752},
  
  author = {Rombach, Robin and Blattmann, Andreas and Lorenz, Dominik and Esser, Patrick and Ommer, Björn},
  
  keywords = {Computer Vision and Pattern Recognition (cs.CV), FOS: Computer and information sciences, FOS: Computer and information sciences},
  
  title = {High-Resolution Image Synthesis with Latent Diffusion Models},
  
  publisher = {arXiv},
  
  year = {2021},
  
  copyright = {arXiv.org perpetual, non-exclusive license}
}

@article{DALLE2_paper,
  title={Hierarchical text-conditional image generation with clip latents},
  author={Ramesh, Aditya and Dhariwal, Prafulla and Nichol, Alex and Chu, Casey and Chen, Mark},
  journal={arXiv preprint arXiv:2204.06125},
  year={2022}
}

@article{地平線による姿勢推定1,
  title={Vision based uav attitude estimation: Progress and insights},
  author={Shabayek, Abd El Rahman and Demonceaux, C{\'e}dric and Morel, Olivier and Fofi, David},
  journal={Journal of Intelligent \& Robotic Systems},
  volume={65},
  number={1},
  pages={295--308},
  year={2012},
  publisher={Springer}
}

@article{地平線による姿勢推定2,
  title={Attitude estimation using horizon detection in thermal images},
  author={Adrian Carrio and Hriday Bavle and Pascual Campoy},
  journal={International Journal of Micro Air Vehicles},
  year={2018},
  volume={10},
  pages={352 - 361}
}

@article{kuzushiji_1,
  title={Deep Learning for Classical Japanese Literature},
  author={Tarin Clanuwat and Mikel Bober-Irizar and A. Kitamoto and Alex Lamb and Kazuaki Yamamoto and David Ha},
  journal={ArXiv},
  year={2018},
  volume={abs/1812.01718}
}

@misc{kuzushiji_2,
      title={KuroNet: Pre-Modern Japanese Kuzushiji Character Recognition with Deep Learning}, 
      author={Tarin Clanuwat and Alex Lamb and Asanobu Kitamoto},
      year={2019},
      eprint={1910.09433},
      archivePrefix={arXiv},
      primaryClass={cs.CV}
}

@article{Soft_Label_paper,
  title={Distilling the knowledge in a neural network},
  author={Hinton, Geoffrey and Vinyals, Oriol and Dean, Jeff and others},
  journal={arXiv preprint arXiv:1503.02531},
  volume={2},
  number={7},
  year={2015}
}

@misc{Expressive_power_paper,
  doi = {10.48550/ARXIV.1606.05336},
  
  url = {https://arxiv.org/abs/1606.05336},
  
  author = {Raghu, Maithra and Poole, Ben and Kleinberg, Jon and Ganguli, Surya and Sohl-Dickstein, Jascha},
  
  keywords = {Machine Learning (stat.ML), Artificial Intelligence (cs.AI), Machine Learning (cs.LG), FOS: Computer and information sciences, FOS: Computer and information sciences},
  
  title = {On the Expressive Power of Deep Neural Networks},
  
  publisher = {arXiv},
  
  year = {2016},
  
  copyright = {arXiv.org perpetual, non-exclusive license}
}

@inproceedings{Conjugate_Priors_paper,
  title={A Compendium of Conjugate Priors},
  author={Daniel Fink},
  year={1997}
}

@article{Cross_Entropy_paper,
  title={A tutorial on the cross-entropy method},
  author={De Boer, Pieter-Tjerk and Kroese, Dirk P and Mannor, Shie and Rubinstein, Reuven Y},
  journal={Annals of operations research},
  volume={134},
  number={1},
  pages={19--67},
  year={2005},
  publisher={Springer}
}

@article{MSE_Loss_paper,
  title={Mean-absolute deviation portfolio optimization model and its applications to Tokyo stock market},
  author={Konno, Hiroshi and Yamazaki, Hiroaki},
  journal={Management science},
  volume={37},
  number={5},
  pages={519--531},
  year={1991},
  publisher={INFORMS}
}

@misc{Transformer_and_CNN_comparison,
  doi = {10.48550/ARXIV.2105.07197},
  
  url = {https://arxiv.org/abs/2105.07197},
  
  author = {Tuli, Shikhar and Dasgupta, Ishita and Grant, Erin and Griffiths, Thomas L.},
  
  keywords = {Computer Vision and Pattern Recognition (cs.CV), FOS: Computer and information sciences, FOS: Computer and information sciences},
  
  title = {Are Convolutional Neural Networks or Transformers more like human vision?},
  
  publisher = {arXiv},
  
  year = {2021},
  
  copyright = {Creative Commons Attribution 4.0 International}
}


@book{Vision_Transformer_入門,
author = {山本晋太郎 and 徳永匡臣 and 箕浦大晃 and QIU, YUE and 品川政太朗},
title = {Vision Transformer入門},
publisher = {技術評論社},
year = {2022},
}

@misc{SENet_paper,
  doi = {10.48550/ARXIV.1709.01507},
  
  url = {https://arxiv.org/abs/1709.01507},
  
  author = {Hu, Jie and Shen, Li and Albanie, Samuel and Sun, Gang and Wu, Enhua},
  
  keywords = {Computer Vision and Pattern Recognition (cs.CV), FOS: Computer and information sciences, FOS: Computer and information sciences},
  
  title = {Squeeze-and-Excitation Networks},
  
  publisher = {arXiv},
  
  year = {2017},
  
  copyright = {arXiv.org perpetual, non-exclusive license}
}

@misc{GAP_paper,
  doi = {10.48550/ARXIV.1312.4400},
  
  url = {https://arxiv.org/abs/1312.4400},
  
  author = {Lin, Min and Chen, Qiang and Yan, Shuicheng},
  
  keywords = {Neural and Evolutionary Computing (cs.NE), Computer Vision and Pattern Recognition (cs.CV), Machine Learning (cs.LG), FOS: Computer and information sciences, FOS: Computer and information sciences},
  
  title = {Network In Network},
  
  publisher = {arXiv},
  
  year = {2013},
  
  copyright = {arXiv.org perpetual, non-exclusive license}
}

@inproceedings{ReLU_paper,
  title={Rectified linear units improve restricted boltzmann machines},
  author={Nair, Vinod and Hinton, Geoffrey E},
  booktitle={Icml},
  year={2010}
}


@article{Fine_Tuning_paper,
  title={Fine-tuning CNN image retrieval with no human annotation},
  author={Radenovi{\'c}, Filip and Tolias, Giorgos and Chum, Ond{\v{r}}ej},
  journal={IEEE transactions on pattern analysis and machine intelligence},
  volume={41},
  number={7},
  pages={1655--1668},
  year={2018},
  publisher={IEEE}
}

@misc{AirSim_paper,
  doi = {10.48550/ARXIV.1705.05065},
  
  url = {https://arxiv.org/abs/1705.05065},
  
  author = {Shah, Shital and Dey, Debadeepta and Lovett, Chris and Kapoor, Ashish},
  
  keywords = {Robotics (cs.RO), Artificial Intelligence (cs.AI), Computer Vision and Pattern Recognition (cs.CV), Systems and Control (eess.SY), FOS: Computer and information sciences, FOS: Computer and information sciences, FOS: Electrical engineering, electronic engineering, information engineering, FOS: Electrical engineering, electronic engineering, information engineering},  
  title = {AirSim: High-Fidelity Visual and Physical Simulation for Autonomous Vehicles},
  
  publisher = {arXiv},
  
  year = {2017},
  
  copyright = {arXiv.org perpetual, non-exclusive license}
}

@inproceedings {Kawai_SI2022,
author = "河合 響， 黒田 洋司",
title = "動画分析用 Transformerを用いた単眼カメラ画像による自己姿勢推定",
booktitle = "第23回システムインテグレーション部門講演会（SI2022）",
year = "2022",
editor = "",
volume = "",
number = "",
series = "",
pages = "",
address = "千葉県",
month = "12",
organization = "",
publisher = "",
note = "",
link1 = ""
}

@misc{Target_Shift_paper,
  doi = {10.48550/ARXIV.1903.06336},
  
  url = {https://arxiv.org/abs/1903.06336},
  
  author = {Li, Yitong and Murias, Michael and Major, Samantha and Dawson, Geraldine and Carlson, David E.},
  
  keywords = {Machine Learning (stat.ML), Machine Learning (cs.LG), FOS: Computer and information sciences, FOS: Computer and information sciences},
  
  title = {On Target Shift in Adversarial Domain Adaptation},
  
  publisher = {arXiv},
  
  year = {2019},
  
  copyright = {arXiv.org perpetual, non-exclusive license}
}

@misc{Domain_Adaptation_survey,
  doi = {10.48550/ARXIV.2112.06745},
  
  url = {https://arxiv.org/abs/2112.06745},
  
  author = {Zhang, Youshan},
  
  keywords = {Computer Vision and Pattern Recognition (cs.CV), FOS: Computer and information sciences, FOS: Computer and information sciences},
  
  title = {A Survey of Unsupervised Domain Adaptation for Visual Recognition},
  
  publisher = {arXiv},
  
  year = {2021},
  
  copyright = {Creative Commons Zero v1.0 Universal}
}

@inproceedings{ROS_paper,
author = {Quigley, Morgan and Conley, Ken and Gerkey, Brian and Faust, Josh and Foote, Tully and Leibs, Jeremy and Wheeler, Rob and Ng, Andrew},
year = {2009},
month = {01},
pages = {},
title = {ROS: an open-source Robot Operating System},
volume = {3},
journal = {ICRA Workshop on Open Source Software}
}



@misc{Domain_Randomization_paper,
  doi = {10.48550/ARXIV.1703.06907},
  
  url = {https://arxiv.org/abs/1703.06907},
  
  author = {Tobin, Josh and Fong, Rachel and Ray, Alex and Schneider, Jonas and Zaremba, Wojciech and Abbeel, Pieter},
  
  keywords = {Robotics (cs.RO), Machine Learning (cs.LG), FOS: Computer and information sciences, FOS: Computer and information sciences},
  
  title = {Domain Randomization for Transferring Deep Neural Networks from Simulation to the Real World},
  
  publisher = {arXiv},
  
  year = {2017},
  
  copyright = {arXiv.org perpetual, non-exclusive license}
}

@misc{Fine_Tuning_tips_paper,
  doi = {10.48550/ARXIV.2007.06965},
  
  url = {https://arxiv.org/abs/2007.06965},
  
  author = {Chen, Wuyang and Yu, Zhiding and Wang, Zhangyang and Anandkumar, Anima},
  
  keywords = {Machine Learning (cs.LG), Computer Vision and Pattern Recognition (cs.CV), Robotics (cs.RO), Machine Learning (stat.ML), FOS: Computer and information sciences, FOS: Computer and information sciences},
  
  title = {Automated Synthetic-to-Real Generalization},
  
  publisher = {arXiv},
  
  year = {2020},
  
  copyright = {arXiv.org perpetual, non-exclusive license}
}
@article{Fine_Tuning_Survey,
  title={Convolutional neural networks for medical image analysis: Full training or fine tuning?},
  author={Tajbakhsh, Nima and Shin, Jae Y and Gurudu, Suryakanth R and Hurst, R Todd and Kendall, Christopher B and Gotway, Michael B and Liang, Jianming},
  journal={IEEE transactions on medical imaging},
  volume={35},
  number={5},
  pages={1299--1312},
  year={2016},
  publisher={IEEE}
}

@misc{Domain_Randomization_1,
  doi = {10.48550/ARXIV.1911.12905},
  
  url = {https://arxiv.org/abs/1911.12905},
  
  author = {Osiński, Błażej and Jakubowski, Adam and Miłoś, Piotr and Zięcina, Paweł and Galias, Christopher and Homoceanu, Silviu and Michalewski, Henryk},
  
  keywords = {Machine Learning (cs.LG), Artificial Intelligence (cs.AI), Robotics (cs.RO), FOS: Computer and information sciences, FOS: Computer and information sciences},
  
  title = {Simulation-based reinforcement learning for real-world autonomous driving},
  
  publisher = {arXiv},
  
  year = {2019},
  
  copyright = {arXiv.org perpetual, non-exclusive license}
}

@misc{Domain_Randomization_2,
  doi = {10.48550/ARXIV.1812.07252},
  
  url = {https://arxiv.org/abs/1812.07252},
  
  author = {James, Stephen and Wohlhart, Paul and Kalakrishnan, Mrinal and Kalashnikov, Dmitry and Irpan, Alex and Ibarz, Julian and Levine, Sergey and Hadsell, Raia and Bousmalis, Konstantinos},
  
  keywords = {Robotics (cs.RO), Computer Vision and Pattern Recognition (cs.CV), Machine Learning (cs.LG), FOS: Computer and information sciences, FOS: Computer and information sciences},
  
  title = {Sim-to-Real via Sim-to-Sim: Data-efficient Robotic Grasping via Randomized-to-Canonical Adaptation Networks},
  
  publisher = {arXiv},
  
  year = {2018},
  
  copyright = {arXiv.org perpetual, non-exclusive license}
}


@INPROCEEDINGS{Domain_Randomization_3,
  author={Zhao, Wenshuai and Queralta, Jorge Peña and Westerlund, Tomi},
  booktitle={2020 IEEE Symposium Series on Computational Intelligence (SSCI)}, 
  title={Sim-to-Real Transfer in Deep Reinforcement Learning for Robotics: a Survey}, 
  year={2020},
  volume={},
  number={},
  pages={737-744},
  doi={10.1109/SSCI47803.2020.9308468}}



@misc{Random_Erasing_Paper,
  doi = {10.48550/ARXIV.1708.04896},
  
  url = {https://arxiv.org/abs/1708.04896},
  
  author = {Zhong, Zhun and Zheng, Liang and Kang, Guoliang and Li, Shaozi and Yang, Yi},
  
  keywords = {Computer Vision and Pattern Recognition (cs.CV), FOS: Computer and information sciences, FOS: Computer and information sciences},
  
  title = {Random Erasing Data Augmentation},
  
  publisher = {arXiv},
  
  year = {2017},
  
  copyright = {arXiv.org perpetual, non-exclusive license}
}

@misc{L2_paper,
  doi = {10.48550/ARXIV.1205.2653},
  
  url = {https://arxiv.org/abs/1205.2653},
  
  author = {Cortes, Corinna and Mohri, Mehryar and Rostamizadeh, Afshin},
  
  keywords = {Machine Learning (cs.LG), Machine Learning (stat.ML), FOS: Computer and information sciences, FOS: Computer and information sciences},
  
  title = {L2 Regularization for Learning Kernels},
  
  publisher = {arXiv},
  
  year = {2012},
  
  copyright = {arXiv.org perpetual, non-exclusive license}
}

@misc{Video_Recognition_Paper,
  doi = {10.48550/ARXIV.1708.07632},
  
  url = {https://arxiv.org/abs/1708.07632},
  
  author = {Hara, Kensho and Kataoka, Hirokatsu and Satoh, Yutaka},
  
  keywords = {Computer Vision and Pattern Recognition (cs.CV), FOS: Computer and information sciences, FOS: Computer and information sciences},
  
  title = {Learning Spatio-Temporal Features with 3D Residual Networks for Action Recognition},
  
  publisher = {arXiv},
  
  year = {2017},
  
  copyright = {arXiv.org perpetual, non-exclusive license}
}

@misc{Overfitting_paper,
  doi = {10.48550/ARXIV.1901.06566},
  
  url = {https://arxiv.org/abs/1901.06566},
  
  author = {Salman, Shaeke and Liu, Xiuwen},
  
  keywords = {Machine Learning (cs.LG), Neural and Evolutionary Computing (cs.NE), Machine Learning (stat.ML), FOS: Computer and information sciences, FOS: Computer and information sciences},
  
  title = {Overfitting Mechanism and Avoidance in Deep Neural Networks},
  
  publisher = {arXiv},
  
  year = {2019},
  
  copyright = {arXiv.org perpetual, non-exclusive license}
}

@misc{Inductive_Bias_paper,
  doi = {10.48550/ARXIV.1806.01261},
  
  url = {https://arxiv.org/abs/1806.01261},
  
  author = {Battaglia, Peter W. and Hamrick, Jessica B. and Bapst, Victor and Sanchez-Gonzalez, Alvaro and Zambaldi, Vinicius and Malinowski, Mateusz and Tacchetti, Andrea and Raposo, David and Santoro, Adam and Faulkner, Ryan and Gulcehre, Caglar and Song, Francis and Ballard, Andrew and Gilmer, Justin and Dahl, George and Vaswani, Ashish and Allen, Kelsey and Nash, Charles and Langston, Victoria and Dyer, Chris and Heess, Nicolas and Wierstra, Daan and Kohli, Pushmeet and Botvinick, Matt and Vinyals, Oriol and Li, Yujia and Pascanu, Razvan},
  
  keywords = {Machine Learning (cs.LG), Artificial Intelligence (cs.AI), Machine Learning (stat.ML), FOS: Computer and information sciences, FOS: Computer and information sciences},
  
  title = {Relational inductive biases, deep learning, and graph networks},
  
  publisher = {arXiv},
  
  year = {2018},
  
  copyright = {arXiv.org perpetual, non-exclusive license}
}

@inproceedings {SI2022_IMU,
author = "山中 幸季， 大川 一也",
title = "IMUを用いたLSTMの推定値に基づく移動ロボットにおけるGNSSの位置補完",
booktitle = "第23回システムインテグレーション部門講演会（SI2022）",
year = "2022",
editor = "",
volume = "",
number = "",
series = "",
pages = "",
address = "千葉県",
month = "12",
organization = "",
publisher = "",
note = "",
link1 = ""
}








